<record><leader>00000cas a22000007a 4500</leader><controlfield tag="001">34979533</controlfield><controlfield tag="008">960624d189u190uokuwr n       0    0eng d</controlfield><datafield ind1=" " ind2=" " tag="010"><subfield code="a">sn 96087885 </subfield></datafield><datafield ind1=" " ind2=" " tag="040"><subfield code="a">OBN</subfield><subfield code="b">eng</subfield><subfield code="c">OBN</subfield><subfield code="d">OCLCQ</subfield><subfield code="d">OCLCO</subfield></datafield><datafield ind1="1" ind2=" " tag="029"><subfield code="a">AU@</subfield><subfield code="b">000012570638</subfield></datafield><datafield ind1=" " ind2=" " tag="042"><subfield code="a">msc</subfield></datafield><datafield ind1=" " ind2=" " tag="043"><subfield code="a">n-us-ok</subfield></datafield><datafield ind1="0" ind2="4" tag="245"><subfield code="a">The Nowata herald.</subfield></datafield><datafield ind1=" " ind2=" " tag="260"><subfield code="a">Nowata, Cherokee Nation, Indian Territory [Okla.] :</subfield><subfield code="b">Verdigris Valley Print. Co.</subfield></datafield><datafield ind1=" " ind2=" " tag="300"><subfield code="a">v.</subfield></datafield><datafield ind1=" " ind2=" " tag="310"><subfield code="a">Weekly</subfield></datafield><datafield ind1=" " ind2=" " tag="588"><subfield code="a">Description based on: Vol. 6 no. 39 (Aug. 26, 1898).</subfield></datafield><datafield ind1=" " ind2="0" tag="651"><subfield code="a">Nowata (Okla.)</subfield><subfield code="v">Newspapers.</subfield></datafield><datafield ind1=" " ind2="0" tag="651"><subfield code="a">Nowata County (Okla.)</subfield><subfield code="v">Newspapers.</subfield></datafield><datafield ind1=" " ind2="0" tag="651"><subfield code="a">Cherokee Nation (Okla.)</subfield><subfield code="v">Newspapers.</subfield></datafield><datafield ind1=" " ind2="0" tag="651"><subfield code="a">Indian Territory</subfield><subfield code="v">Newspapers.</subfield></datafield><datafield ind1=" " ind2=" " tag="752"><subfield code="a">United States</subfield><subfield code="b">Oklahoma</subfield><subfield code="c">Nowata</subfield><subfield code="d">Nowata.</subfield></datafield><datafield ind1="0" ind2="0" tag="780"><subfield code="t">Ranch and range</subfield><subfield code="w">(DLC)sn 85030425</subfield><subfield code="w">(OCoLC)12257419</subfield></datafield></record>